@misc{intepretai,
  title={Key Concepts in AI Safety: Interpretability in Machine Learning},
  author={Rudner, Tim G. J. and Toner, Helen},
  year={2021},
  month={March},
  publisher={Center for Security and Emerging Technology},
  howpublished={\url{https://doi.org/10.51593/20190042}}
}

@article{duparpca,
  author={Imran, Shoaib and Tahir, Muhammad and Khalid, Zubair and Uppal, Momin},
  journal={IEEE Signal Processing Letters}, 
  title={A Deep Unfolded Prior-Aided RPCA Network for Cloud Removal}, 
  year={2022},
  volume={29},
  number={},
  pages={2048-2052},
  keywords={Sparse matrices;Image reconstruction;Remote sensing;Optical sensors;Optical imaging;Earth;Minimization;Cloud removal;deep unfolding;inverse problems;RPCA;shadow removal},
  doi={10.1109/LSP.2022.3211189}
}

@misc{dustrpca,
      title={A Deep-Unfolded Spatiotemporal RPCA Network For L+S Decomposition}, 
      author={Shoaib Imran and Muhammad Tahir and Zubair Khalid and Momin Uppal},
      year={2022},
      eprint={2211.03184},
      archivePrefix={arXiv},
      primaryClass={cs.CV}
}

@misc{saliency,
  title={Explainable AI: Saliency Maps},
  author={Subhash, Bijil},
  howpublished={Blog post},
  month={Mar},
  year={2022},
  url={https://medium.com/@bijil.subhash/explainable-ai-saliency-maps-89098e230100}
}

@misc{simonyan2014deep,
      title={Deep Inside Convolutional Networks: Visualising Image Classification Models and Saliency Maps}, 
      author={Karen Simonyan and Andrea Vedaldi and Andrew Zisserman},
      year={2014},
      eprint={1312.6034},
      archivePrefix={arXiv},
      primaryClass={cs.CV}
}

@article{olah2017feature,
  title={Feature Visualization},
  author={Olah, Chris and Mordvintsev, Alexander and Schubert, Ludwig},
  journal={Distill},
  month={November},
  year={2017},
  url={https://distill.pub/2017/featurevisualization}
}


@misc{elad2023image,
      title={Image Denoising: The Deep Learning Revolution and Beyond -- A Survey Paper --}, 
      author={Michael Elad and Bahjat Kawar and Gregory Vaksman},
      year={2023},
      eprint={2301.03362},
      archivePrefix={arXiv},
      primaryClass={eess.IV}
}

@article{LUIJTEN2023677,
title = {Ultrasound Signal Processing: From Models to Deep Learning},
journal = {Ultrasound in Medicine & Biology},
volume = {49},
number = {3},
pages = {677-698},
year = {2023},
issn = {0301-5629},
doi = {https://doi.org/10.1016/j.ultrasmedbio.2022.11.003},
url = {https://www.sciencedirect.com/science/article/pii/S0301562922006329},
author = {Ben Luijten and Nishith Chennakeshava and Yonina C. Eldar and Massimo Mischi and Ruud J.G. {van Sloun}}
}

@misc{albert_ols_review,
  title={Key Assumptions of OLS: Econometrics Review},
  author={The Albert Team},
  year={2022},
  month={March},
  day={1},
  url={https://www.albert.io/blog/key-assumptions-of-ols-econometrics-review/}
}

@misc{bai2021attentions,
      title={Why Attentions May Not Be Interpretable?}, 
      author={Bing Bai and Jian Liang and Guanhua Zhang and Hao Li and Kun Bai and Fei Wang},
      year={2021},
      eprint={2006.05656},
      archivePrefix={arXiv},
      primaryClass={stat.ML}
}

@article{BOMARITO2021106557,
title = {Development of interpretable, data-driven plasticity models with symbolic regression},
journal = {Computers & Structures},
volume = {252},
pages = {106557},
year = {2021},
issn = {0045-7949},
doi = {https://doi.org/10.1016/j.compstruc.2021.106557},
url = {https://www.sciencedirect.com/science/article/pii/S0045794921000791},
author = {G.F. Bomarito and T.S. Townsend and K.M. Stewart and K.V. Esham and J.M. Emery and J.D. Hochhalter}
}

@inproceedings{lista,
author = {Gregor, Karol and Lecun, Yann},
year = {2010},
month = {08},
pages = {},
title = {Learning Fast Approximations of Sparse Coding}
}


@article{ista,
author = {Beck, Amir and Teboulle, Marc},
title = {A Fast Iterative Shrinkage-Thresholding Algorithm for Linear Inverse Problems},
journal = {SIAM Journal on Imaging Sciences},
volume = {2},
number = {1},
pages = {183-202},
year = {2009},
doi = {10.1137/080716542},
URL = {https://doi.org/10.1137/080716542}
}

@inproceedings{liu2019alista,
  title={ALISTA: Analytic weights are as good as learned weights in LISTA},
  author={Liu, Jialin and Chen, Xiaohan and Wang, Zhangyang and Yin, Wotao},
  booktitle={International Conference on Learning Representations},
  year={2019}
}

@article{chen2022learning,
  title={Learning to Optimize: A Primer and A Benchmark},
  author={Chen, Tianlong and Chen, Xiaohan and Chen, Wuyang and Wang, Zhangyang and Heaton, Howard and Liu, Jialin and Yin, Wotao},
  journal={Journal of Machine Learning Research},
  volume={23},
  year={2022},
  pages={1--59},
  month={6},
  note={Submitted 3/21; Revised 5/22; Published 6/22},
  publisher={The University of Texas at Austin, Austin, TX 78712, USA; Typal Research, Typal LLC, Los Angeles, CA 90064, USA; Alibaba US, Damo Academy, Decision Intelligence Lab, Bellevue, WA 98004, USA},
  email={tianlong.chen, xiaohan.chen, wuyang.chen, atlaswang@utexas.edu; research@typal.llc; jialin.liu, wotao.yin@alibaba-inc.com}
}

@article{traffic_sensing,
  title={Effective urban traffic monitoring by vehicular sensor networks},
  author={Du, Rui and Chen, Cheng and Yang, Bo and Lu, Ning and Guan, Xin and Shen, Xuemin},
  journal={IEEE Transactions on Vehicular Technology},
  volume={64},
  number={1},
  pages={273--286},
  month={Jan},
  year={2015},
  publisher={IEEE}
}

@inproceedings{radar_communications,
  title={A projection based approach for radar and telecommunication systems coexistence},
  author={Sodagari, S. and Khawar, A. and Clancy, T. C. and McGwier, R.},
  booktitle={Proc. IEEE Global Commun. Conf},
  address={Anaheim, CA, USA},
  month={Dec},
  year={2012},
  pages={5010--5014},
  organization={IEEE}
}

@inproceedings{image_inpainting,
  title={Image inpainting},
  author={Bertalmio, M. and Sapiro, G. and Caselles, V. and Ballester, C.},
  booktitle={Proc. ACM SIGGRAPH},
  address={New Orleans, LA, USA},
  month={Jul},
  year={2000},
  pages={414--424}
}

@misc{jackson2017netflix,
  title={The Netflix Prize: How a \$1 Million Contest Changed Binge-Watching Forever},
  author={Jackson, Dan},
  year={2017},
  month={July 7},
  howpublished={Thrillist},
  url={https://www.thrillist.com/entertainment/nation/the-netflix-prize}
}

@article{wireless_sensor,
  title={Snapshot and continuous data collection in probabilistic wireless sensor networks},
  author={Ji, Sheng and Beyah, Raheem and Cai, Zhipeng},
  journal={IEEE Transactions on Mobile Computing},
  volume={13},
  number={3},
  pages={626--637},
  month={March},
  year={2014},
  publisher={IEEE}
}

@article{spatial,
  title={Spatio-temporal signal recovery based on low rank and differential smoothness},
  author={Mao, Xin and Qiu, Kai and Li, Tong and Gu, Yuantao},
  journal={IEEE Transactions on Signal Processing},
  volume={66},
  number={23},
  pages={6281--6296},
  month={December},
  year={2018},
  publisher={IEEE}
}


@article{missing_node,
  title={Exploiting sparsity in wireless sensor networks for energy saving: A comparative study},
  author={El-Telbany, Mahmoud and Maged, Mohamed},
  journal={International Journal of Applied Engineering Research},
  volume={12},
  number={4},
  pages={452--460},
  year={2017}
}

@phdthesis{fazel2002matrix,
  title={Matrix rank minimization with applications},
  author={Fazel, Maryam},
  school={Dept. Elect. Eng, Stanford Univ},
  year={2002},
  address={California, USA}
}

@article{candes2008introduction,
  title={An introduction to compressed sampling},
  author={Cand{\`e}s, Emmanuel J and Wakin, Michael B},
  journal={IEEE Signal Processing Magazine},
  volume={25},
  number={2},
  pages={21--30},
  month={March},
  year={2008},
}

@misc{SVT,
      title={A Singular Value Thresholding Algorithm for Matrix Completion}, 
      author={Jian-Feng Cai and Emmanuel J. Candes and Zuowei Shen},
      year={2008},
      eprint={0810.3286},
      archivePrefix={arXiv},
      primaryClass={math.OC}
}

@article{cai2010singular,
  title={A singular value thresholding algorithm for matrix completion},
  author={Cai, Jian-Feng and Cand{\`e}s, Emmanuel J and Shen, Zuowei},
  journal={SIAM Journal on Optimization},
  volume={20},
  number={4},
  pages={1956--1982},
  year={2010},
  month={January},
}

@misc{rpca,
  title={The augmented lagrange multiplier method for exact recovery of corrupted low-rank matrices},
  author={Lin, Zhouchen and Chen, Minming and Ma, Yi},
  year={2013},
  url={https://arxiv.org/abs/1009.5055}
}

@article{wnnm,
  title={Weighted nuclear norm minimization and its applications to low level vision},
  author={Gu, Shuhang and Xie, Qi and Meng, Deyu and Zuo, Wangmeng and Feng, Xide and Zhang, Lei},
  journal={International Journal of Computer Vision},
  volume={121},
  number={2},
  pages={183--208},
  year={2017},
  month={Jan}
}

@article{matrix_factorization,
  title={Solving a low-rank factorization model for matrix completion by a nonlinear successive over-relaxation algorithm},
  author={Wen, Zaiwen and Yin, Wotao and Zhang, Yin},
  journal={Mathematical Programming Computation},
  volume={4},
  number={4},
  pages={333--361},
  year={2012},
  month={Dec}
}

@article{lp_reg,
  title={Outlier-Robust Matrix Completion via $\ell_p$-Minimization},
  author={Zeng, W. J. and So, H.},
  journal={IEEE Transactions on Signal Processing},
  volume={66},
  number={5},
  pages={1125-1140},
  month={Mar.},
  year={2018},
  publisher={IEEE}
}

@misc{irls,
    title = {Iteratively reweighted least squares} ,
    url = {https://en.wikipedia.org/wiki/Iteratively_reweighted_least_squares}
}

@article{ADMM,
  title={A dual algorithm for the solution of nonlinear variational problems via finite element approximation},
  author={Gabay, D. and Mercier, B.},
  journal={Computers \& Mathematics with Applications},
  volume={2},
  pages={17--40},
  year={1976},
  publisher={Elsevier}
}

@book{Wright-Ma-2022,
author = {John Wright and Yi Ma},
title = {High-Dimensional Data Analysis with Low-Dimensional Models: Principles, Computation, and Applications},
publisher = {Cambridge University Press},
year = {2022}
}

@INPROCEEDINGS{admm-net,
  author={Yang, Liu and Eldar, Yonina C. and Wang, Haifeng and Kang, Kai and Qian, Hua},
  booktitle={2020 28th European Signal Processing Conference (EUSIPCO)}, 
  title={An ADMM-Net for Data Recovery in Wireless Sensor Networks}, 
  year={2021},
  volume={},
  number={},
  pages={1712-1716},
  doi={10.23919/Eusipco47968.2020.9287754}
}

@article{ma2022deep,
  title={Deep Matrix Factorization Based on Convolutional Neural Networks for Image Inpainting},
  author={Ma, X. and Li, Z. and Wang, H.},
  journal={Entropy},
  volume={24},
  number={10},
  pages={1500},
  year={2022},
  doi={10.3390/e24101500},
  url={https://doi.org/10.3390/e24101500}
}

@misc{intelberkeley2004,
  title={Intel Berkeley Research Lab},
  howpublished={\url{http://db.lcs.mit.edu/labdata/labdata.html}},
  year={2004}
}

@InProceedings{MartinFTM01,
  author = {D. Martin and C. Fowlkes and D. Tal and J. Malik},
  title = {A Database of Human Segmented Natural Images and its
           Application to Evaluating Segmentation Algorithms and
           Measuring Ecological Statistics},
  booktitle = {Proc. 8th Int'l Conf. Computer Vision},
  year = {2001},
  month = {July},
  volume = {2},
  pages = {416--423}
}

@ARTICLE{lo-bcd,
  author={Li, Xiao Peng and Shi, Zhang-Lei and Liu, Qi and So, Hing Cheung},
  journal={IEEE Transactions on Cybernetics}, 
  title={Fast Robust Matrix Completion via Entry-Wise ℓ0-Norm Minimization}, 
  year={2023},
  volume={53},
  number={11},
  pages={7199-7212},
  doi={10.1109/TCYB.2022.3224070}
}

@article{way1,
  title={Deep unfolded robust {PCA} with application to clutter suppression in ultrasound},
  author={Solomon, Oren and Cohen, Regev and Zhang, Yi and Yang, Yi and He, Qiong and Luo, Jianwen and van Sloun, Ruud J. G. and Eldar, Yonina C.},
  journal={IEEE Transactions on Medical Imaging},
  volume={39},
  number={4},
  pages={1051--1063},
  year={2020},
  publisher={IEEE}
}

@inproceedings{way2,
  title={Learned robust {PCA}: A scalable deep unfolding approach for high-dimensional outlier detection},
  author={Cai, HanQin and Liu, Jialin and Yin, Wotao},
  booktitle={Advances in Neural Information Processing Systems},
  volume={34},
  pages={16977--16989},
  year={2021}
}

@article{way3,
  title={Algorithm unrolling: Interpretable, efficient deep learning for signal and image processing},
  author={Monga, Vishal and Li, Yuelong and Eldar, Yonina C},
  journal={IEEE Signal Processing Magazine},
  volume={38},
  number={2},
  pages={18--44},
  year={2021}
}

@article{mao2018spatio,
  title={Spatio-temporal signal recovery based on low rank and differential smoothness},
  author={Mao, Xianghui and Qiu, Kai and Li, Tiejian and Gu, Yuantao},
  journal={IEEE Transactions on Signal Processing},
  volume={66},
  number={23},
  pages={6281--6296},
  year={2018}
}

@article{apg,
   title={An accelerated proximal gradient method for multiobjective optimization},
   volume={86},
   ISSN={1573-2894},
   url={http://dx.doi.org/10.1007/s10589-023-00497-w},
   DOI={10.1007/s10589-023-00497-w},
   number={2},
   journal={Computational Optimization and Applications},
   publisher={Springer Science and Business Media LLC},
   author={Tanabe, Hiroki and Fukuda, Ellen H. and Yamashita, Nobuo},
   year={2023},
   month=jun, pages={421–455} }

@misc{lange_mm_algorithm,
  author = "Kenneth Lange",
  title = "The MM Algorithm",
  howpublished = "Slides",
  month = "April",
  year = "2007",
  url = "https://www.stat.berkeley.edu/~aldous/Colloq/lange-talk.pdf"
}

@article{huber_criterion,
author = {Sophie Lambert-Lacroix and Laurent Zwald},
title = {{Robust regression through the Huber’s criterion and adaptive lasso penalty}},
volume = {5},
journal = {Electronic Journal of Statistics},
number = {none},
publisher = {Institute of Mathematical Statistics and Bernoulli Society},
pages = {1015 -- 1053},
keywords = {Adaptive LASSO, concomitant scale, Huber’s criterion, oracle property, robust estimation},
year = {2011},
doi = {10.1214/11-EJS635},
URL = {https://doi.org/10.1214/11-EJS635}
}

@book{stat_book,
  title={Robust Statistics for Signal Processing},
  author={Zoubir, Abdelhak M and Koivunen, Visa and Ollila, Esa and Muma, Michael},
  year={2018},
  publisher={Cambridge University Press},
  address={Cambridge, UK},
  chapter={Chapter 2},
  pages={53--60}
}

@article{huber_loss,
  title={Huber Loss: Why Is It, Like How It Is?},
  author={Theekshana, Thulitha},
  journal={Cantor’s Paradise},
  year={2021},
  url={https://www.cantorsparadise.com/huber-loss-why-is-it-like-how-it-is-dcbe47936473}
}


@INPROCEEDINGS{m-est,
  author={Muma, Michael and Zeng, Wen-Jun and Zoubir, Abdelhak M.},
  booktitle={ICASSP 2019 - 2019 IEEE International Conference on Acoustics, Speech and Signal Processing (ICASSP)}, 
  title={Robust M-estimation Based Matrix Completion}, 
  year={2019},
  volume={},
  number={},
  pages={5476-5480},
  doi={10.1109/ICASSP.2019.8682657}}

@misc{silverman,
    url = {http://sfb649.wiwi.hu-berlin.de/fedc_homepage/xplore/ebooks/html/spm/spmhtmlnode15.html,
}
}

